<record><leader>00000cas a2200000 a 4500</leader><controlfield tag="001">12099287</controlfield><controlfield tag="008">850531d19231930ksuwr ne      0    0eng d</controlfield><datafield ind1=" " ind2=" " tag="010"><subfield code="a">sn 85029245 </subfield></datafield><datafield ind1=" " ind2=" " tag="040"><subfield code="a">KSH</subfield><subfield code="b">eng</subfield><subfield code="c">KSH</subfield><subfield code="d">NPT</subfield><subfield code="d">OCL</subfield><subfield code="d">OCLCQ</subfield></datafield><datafield ind1=" " ind2=" " tag="042"><subfield code="a">msc</subfield></datafield><datafield ind1="0" ind2=" " tag="130"><subfield code="a">Chronicle (Leavenworth, Kan.)</subfield></datafield><datafield ind1="1" ind2="4" tag="245"><subfield code="a">The chronicle.</subfield></datafield><datafield ind1=" " ind2=" " tag="260"><subfield code="a">Leavenworth, Kan. :</subfield><subfield code="b">[s.n.],</subfield><subfield code="c">1923-1930.</subfield></datafield><datafield ind1=" " ind2=" " tag="300"><subfield code="a">8 v. :</subfield><subfield code="b">ill. ;</subfield><subfield code="c">56 cm.</subfield></datafield><datafield ind1=" " ind2=" " tag="310"><subfield code="a">Weekly</subfield></datafield><datafield ind1="0" ind2=" " tag="362"><subfield code="a">Vol. 15, no. 11 (June 22, 1923)-v. 23, no. 8 (June 27, 1930).</subfield></datafield><datafield ind1=" " ind2=" " tag="500"><subfield code="a">"A workingman's paper; with a democratic leaning."</subfield></datafield><datafield ind1=" " ind2=" " tag="752"><subfield code="a">United States</subfield><subfield code="b">Kansas</subfield><subfield code="c">Leavenworth</subfield><subfield code="d">Leavenworth.</subfield></datafield><datafield ind1="0" ind2="0" tag="780"><subfield code="t">Labor chronicle (Leavenworth, Kan. : 1915)</subfield><subfield code="w">(DLC)sn 85029243</subfield></datafield><datafield ind1="0" ind2="0" tag="785"><subfield code="t">Weekly chronicle (Leavenworth, Kan.)</subfield><subfield code="w">(DLC)sn 85029244</subfield></datafield></record>